% This file was created with JabRef 2.8.1.
% Encoding: Cp1252



@inproceedings{Pritch09ICCV,
 title     = {Shift-Map Image Editing},
 author    = {Y. Pritch and E. Kav-Venaki and S. Peleg},
 booktitle = {ICCV},
 year      = {2009},
 pages     = {151--158},
}


@inproceedings{He2012PO,
  author    = {Kaiming He and
               Jian Sun},
  title     = {Statistics of Patch Offsets for Image Completion},
  booktitle = {ECCV},
  year      = {2012},
  pages     = {16-29},
}

@inproceedings{Wu2010SS,
 author = {Wu, Huisi and Wang, Yu-Shuen and Feng, Kun-Chuan and Wong, Tien-Tsin and Lee, Tong-Yee and Heng, Pheng-Ann},
 title = {Resizing by Symmetry-summarization},
 booktitle = {SIGGRAPH Asia},
 year = {2010},
 pages = {1--10},
} 

@inproceedings{Cheng2010RepFinder,
 author = {Cheng, Ming-Ming and Zhang, Fang-Lue and Mitra, Niloy J. and Huang, Xiaolei and Hu, Shi-Min},
 title = {RepFinder: Finding Approximately Repeated Scene Elements for Image Editing},
 booktitle = {SIGGRAPH},
 year = {2010},
 pages = {83:1--83:8},
} 


@inproceedings{Dai2013Facade,
  author = {D. Dai and H. Riemenschneider and G. Schmitt and L. {Van Gool}},
  title = {Example-based Facade Texture Synthesis},
  booktitle = {ICCV},
  year = {2013},
  pages = {1065-1072},
}

@inproceedings{Lin2006Eva,
  author = {Lin, Wen-Chieh and Hays, James and Wu, Chenyu and Liu, Yanxi and Kwatra, Vivek},
	title = {Quantitative Evaluation of Near Regular Texture Synthesis Algorithms},
  booktitle = {CVPR},
  year = {2006},
  pages = {427-434},
}


@inproceedings{Sun2005imagecompletion,
 author = {Sun, Jian and Yuan, Lu and Jia, Jiaya and Shum, Heung-Yeung},
 title = {Image Completion with Structure Propagation},
 booktitle = {SIGGRAPH},
 year = {2005},
 pages = {861--868},
} 


@inproceedings{Agrawal2012RI,
 author = {Agrawal, Harshit and Namboodiri, Anoop M.},
 title = {Detection and Segmentation of Approximate Repetitive Patterns in Relief Images},
 booktitle = {ICVGIP},
 year = {2012},
 pages = {1--8},
} 


@inproceedings{Faktor2013Composition,
author = {Alon Faktor and Michal Irani},
title = {Co-segmentation by Composition},
booktitle = {ICCV},
year = {2013},
pages = {1297-1304},
}


@inproceedings{Wang2008Factor,
 author = {Wang, Huamin and Wexler, Yonatan and Ofek, Eyal and Hoppe, Hugues},
 title = {Factoring Repeated Content Within and Among Images},
 booktitle = {SIGGRAPH},
 year = {2008},
 pages = {14:1--14:10},
} 

@inproceedings{Doubek2010Repetitive,
  author = {Doubek, Petr and Matas, Jiri and Perdoch, Michal and Chum, Ondrej},
	title = {Image Matching and Retrieval by Repetitive Patterns.},
  booktitle = {ICPR},
	year = {2010},
  pages = {3195-3198},
}

@inproceedings{Leung1996,
 author = {Leung, Thomas K. and Malik, Jitendra},
 title = {Detecting, Localizing and Grouping Repeated Scene Elements from an Image},
 booktitle = {ECCV},
 year = {1996},
 pages = {546--555},
} 

@inproceedings{Hays2006Texture,
 author = {Hays, James and Leordeanu, Marius and Efros, Alexei A. and Liu, Yanxi},
 title = {Discovering Texture Regularity As a Higher-order Correspondence Problem},
 booktitle = {ECCV},
 year = {2006},
 pages = {522--535},
} 


@article{Sunkel2013Correlated, 
author = {Martin Sunkel and Silke Jansen and Michael Wand and Hans-Peter Seidel}, 
title = {A Correlated Parts Model for Object Detection in Large 3D Scans}, 
journal = {Comput. Graph. Forum}, 
volume = {32}, 
number = {2}, 
year = {2013}, 
pages = {205-214}, 
}

@ARTICLE{Bao2013PF,
  author = {Bao, Fan and Schwarz, Michael and Wonka, Peter},
  title = {Procedural Facade Variations from a Single Layout},
  journal = {ACM Trans. Graph.},
  year = {2013},
  volume = {32},
  pages = {8:1--8:13},
  number = {1},
  month = feb,
  acmid = {2421644},
  address = {New York, NY, USA},
  articleno = {8},
  doi = {10.1145/2421636.2421644},
  issn = {0730-0301},
  issue_date = {January 2013},
  keywords = {Procedural modeling, design variations, facade modeling},
  numpages = {13},
  publisher = {ACM},
  url = {http://doi.acm.org/10.1145/2421636.2421644}
}

@ARTICLE{Barnes2009,
  author = {Barnes, Connelly and Shechtman, Eli and Finkelstein, Adam and Goldman,
	Dan B},
  title = {PatchMatch: A Randomized Correspondence Algorithm for Structural
	Image Editing},
  journal = {ACM Trans. Graph.},
  year = {2009},
  volume = {28},
  pages = {24:1--24:11},
  number = {3},
  month = jul,
}

@INPROCEEDINGS{Bhat2004GTS,
  author = {Bhat, Pravin and Ingram, Stephen and Turk, Greg},
  title = {Geometric texture synthesis by example},
  booktitle = {Symp. Geometry Processing},
  year = {2004},
	pages = {41--44}
}

@INPROCEEDINGS{Bokeloh2009SD,
  author = {Martin Bokeloh and Alexander Berner and Michael Wand and Hans-Peter
	Seidel and Andreas Schilling},
  title = {Symmetry Detection Using Feature Lines},
  journal = {CGF},
  year = {2009},
  volume = {28},
  pages = {697-706},
  number = {2}
}

@INPROCEEDINGS{BOKELOHsig2010,
  author = {Bokeloh, Martin and Wand, Michael and Seidel, Hans-Peter},
  title = {A connection between partial symmetry and inverse procedural modeling},
  booktitle = {ACM Trans. Graph.},
  year = {2010},
  volume = {29},
  pages = {104:1--104:10},
}

@INPROCEEDINGS{BOYKOVpami2001,
  author = {Boykov, Y. and Veksler, O. and Zabih, R.},
  title = {Fast approximate energy minimization via graph cuts},
  journal = {IEEE Trans. PAMI},
  year = {2001},
  volume = {23},
  pages = {1222-1239},
  number = {11}
}

@INPROCEEDINGS{Cross1983MRF,
  author = {Cross, George R. and Jain, Anil K.},
  title = {Markov Random Field Texture Models},
  journal = {IEEE Trans. PAMI},
  year = {1983},
  volume = {5},
  pages = {25--39},
  number = {1}
}

@INPROCEEDINGS{DALALcvpr2005,
  author = {Dalal, N. and Triggs, B.},
  title = {Histograms of oriented gradients for human detection},
  booktitle = {CVPR},
  year = {2005},
	pages = {886--893},
  owner = {mwand},
  timestamp = {2011.11.20}
}

@INPROCEEDINGS{Dischler2002,
  author = {J.-M. Dischler and K. Maritaudand B. Lévy and D. Ghazanfarpour},
  title = {Texture Particles},
  booktitle = {Proc. Eurographics 2002},
  year = {2002},
  owner = {mwand},
	pages = {401--410},
  timestamp = {2014.01.20}
}

@INPROCEEDINGS{doersch2012what,
  author = {Carl Doersch and Saurabh Singh and Abhinav Gupta and Josef Sivic
	and Alexei A. Efros},
  title = {What Makes Paris Look like Paris?},
  journal = {SIGGRAPH},
  year = {2012},
  volume = {31},
  number = {4},
	pages = {101:1--101:9}
}

@INPROCEEDINGS{Efros2001IQ,
  author = {Efros, Alexei A. and Freeman, William T.},
  title = {Image Quilting for Texture Synthesis and Transfer},
  booktitle = {SIGGRAPH},
  year = {2001},
  pages = {341--346},
}

@INPROCEEDINGS{EfrosL99NP,
  author = {Alexei A. Efros and Thomas K. Leung},
  title = {Texture Synthesis by Non-parametric Sampling},
  booktitle = {ICCV},
  year = {1999},
  pages = {1033-1038},
  bibsource = {DBLP, http://dblp.uni-trier.de},
  ee = {http://computer.org/proceedings/iccv/0164/vol\%202/01641033abs.htm}
}

@INPROCEEDINGS{FELZENSZWALBcvpr2008,
  author = {Felzenszwalb, P. and McAllester, D. and Ramanan, D.},
  title = {A discriminatively trained, multiscale, deformable part model},
  booktitle = {CVPR},
  year = {2008},
  owner = {mwand},
  timestamp = {2011.11.20}
}

@ARTICLE{Felzenszwalb2010DPM,
  author = {Felzenszwalb, P. F. and Girshick, R. B. and McAllester, D. and Ramanan,
	D.},
  title = {Object Detection with Discriminatively Trained Part Based Models},
  journal = {IEEE Trans. PAMI},
  year = {2010},
  volume = {32},
  pages = {1627--1645},
  number = {9}
}


@ARTICLE{HARALICKtos1973,
  author = {Robert M Haralick and K Shanmugam and Its'hak Dinstein},
  title = {Textural Features for Image Classification},
  journal = {IEEE Transactions on Systems, Man, and Cybernetics},
  year = {1973},
  volume = {SMC-3},
  pages = {610â€?621},
  number = {6}
}

@INPROCEEDINGS{Hertzmann2001IA,
  author = {Hertzmann, Aaron and Jacobs, Charles E. and Oliver, Nuria and Curless,
	Brian and Salesin, David H.},
  title = {Image Analogies},
  booktitle = {SIGGRAPH},
  year = {2001},
  pages = {327--340},
}

@ARTICLE{HuangMesh2013,
  author = {Qixing Huang and Leonidas Guibas and Niloy J. Mitra},
  title = {Near-Regular Structure Discovery Using Linear Programming},
  journal = {ACM Transactions on Graphics},
  year = {2013}
}

@ARTICLE{Kalogerakis2012,
  author = {Evangelos Kalogerakis and Siddhartha Chaudhuri and Daphne Koller
	and Vladlen Koltun},
  title = {A Probabilistic Model for Component-Based Shape Synthesis},
  journal = {ACM Transactions on Graphics},
  year = {2012},
  volume = {31},
  number = {4},
  pages = {55:1--55:11},
  timestamp = {2012.12.28}
}

@ARTICLE{KALOJANOVsgp2012,
  author = {Javor Kalojanov and Martin Bokeloh and Michael Wand and Leonidas
	Guibas and Hans-Peter Seidel and Philipp Slusallek},
  title = {Microtiles: Extracting Building Blocks from Correspondences},
  journal = {CGF},
  year = {2012},
  volume = {31},
  pages = {1597--1606},
  issue = {5}
}

@ARTICLE{Kolmogorov2004,
  author = {Vladimir Kolmogorov and Ramin Zabih},
  title = {What Energy Functions can be Minimized via Graph Cuts?},
  journal = {IEEE Trans. PAMI},
  year = {2004},
  volume = {26},
  pages = {147-159},
  number = {2},
  month = {February},
  owner = {mwand},
  timestamp = {2014.01.16}
}

@ARTICLE{Kwatra2005TO,
  author = {Kwatra, Vivek and Essa, Irfan and Bobick, Aaron and Kwatra, Nipun},
  title = {Texture Optimization for Example-based Synthesis},
  journal = {ACM Trans. Graph.},
  year = {2005},
  volume = {24},
  pages = {795--802},
  number = {3},
  month = jul,
  acmid = {1073263},
  address = {New York, NY, USA},
  doi = {10.1145/1073204.1073263},
  issn = {0730-0301},
  issue_date = {July 2005},
  keywords = {energy minimization, flow visualization, image-based rendering, texture
	animation, texture synthesis},
  numpages = {8},
  publisher = {ACM},
  url = {http://doi.acm.org/10.1145/1073204.1073263}
}

@ARTICLE{Kwatra2003Graphcut,
  author = {Vivek Kwatra and Arno Schodl and Irfan Essa and Greg Turk and Aaron
	Bobick},
  title = {Graphcut Textures: Image and Video Synthesis Using Graph Cuts},
  journal = {ACM Trans. Graph.},
  year = {2003},
  volume = {22},
  pages = {277-286},
  number = {3},
  month = {July}
}

@ARTICLE{Lee2009SR,
  author = {Seungkyu Lee and Yanxi Liu},
  title = {Skewed Rotation Symmetry Group Detection},
  journal = {IEEE Trans. PAMI},
  year = {2010},
  volume = {32},
  number = {9},
  pages = {1659-1672},
}

@ARTICLE{Lefebvre2006ATS,
  author = {Lefebvre, Sylvain and Hoppe, Hugues},
  title = {Appearance-space Texture Synthesis},
  journal = {ACM Trans. Graph.},
  year = {2006},
  volume = {25},
  pages = {541--548},
  number = {3},
  month = jul,
  acmid = {1141921},
  address = {New York, NY, USA},
  doi = {10.1145/1141911.1141921},
  issn = {0730-0301},
  issue_date = {July 2006},
  keywords = {RTT synthesis, anisometric synthesis, dimensionality reduction, exemplar-based
	synthesis, feature-based synthesis, surface textures},
  numpages = {8},
  publisher = {ACM},
  url = {http://doi.acm.org/10.1145/1141911.1141921}
}

@INPROCEEDINGS{Sylvain2010AT,
  author = {Sylvain Lefebvre and Samuel Hornus and Anass Lasram},
  title = {By-example synthesis of architectural textures},
  booktitle = {ACM Trans. Graph.},
  year = {2010},
  volume = {29},
  number = {4},
	pages = {84:1--84:8},
}

@INPROCEEDINGS{LIPMANsig2010,
  author = {Yaron Lipman and Xiaobai Chen and Ingrid Daubechies and Thomas Funkhouser},
  title = {Symmetry Factored Embedding and Distance},
  booktitle = {ACM Trans. Graph.},
  year = {2010},
  volume = {29},
  number = {4},	
  pages = {103:1--103:12},
}

@INPROCEEDINGS{Liu2013GRASP,
  author = {Jingchen Liu and Yanxi Liu},
  title = {GRASP Recurring Patterns from a Single View},
  booktitle = {CVPR},
  year = {2013},
  pages = {2003-2010},
}

@ARTICLE{LOWEiccv2004,
  author = {Lowe, D.},
  title = {Distinctive image features from scale-invariant keypoints},
  journal = {IJCV},
  year = {2004},
  volume = {20},
  pages = {91--110},
  owner = {mwand}
}

@INPROCEEDINGS{Martinovic2012AT,
  author = {Martinovic, Andelo and Mathias, Markus and Weissenberg, Julien and
	Gool, Luc J. Van},
  title = {A Three-Layered Approach to Facade Parsing.},
  booktitle = {ECCV},
  year = {2012},
  pages = {416-429}
}

@ARTICLE{Merrell2007EMS,
  author = {Merrell, Paul},
  title = {Example-based model synthesis},
  booktitle = {Symp. Interactive 3D Graphics and Games},
  year = {2007},
  pages = {105--112},
  doi = {http://doi.acm.org/10.1145/1230100.1230119},
  isbn = {978-1-59593-628-8},
  location = {Seattle, Washington}
}

@INPROCEEDINGS{Mitra2006PAA,
  author = {Mitra, Niloy J. and Guibas, Leonidas J. and Pauly, Mark},
  title = {Partial and approximate symmetry detection for 3D geometry},
  booktitle = {SIGGRAPH},
  year = {2006},
  pages = {560--568},
}

@ARTICLE{Pauly2008,
  author = {M. Pauly and N. J. Mitra and J. Wallner and H. Pottmann and L. Guibas},
  title = {Discovering Structural Regularity in {3D} Geometry},
  journal = {ACM Trans. Graph.},
  year = {2008},
  volume = {27},
  pages = {43:1-43:11},
  number = {3}
}

@ARTICLE{Rosenberger2009LSS,
  author = {Rosenberger, Amir and Cohen-Or, Daniel and Lischinski, Dani},
  title = {Layered Shape Synthesis: Automatic Generation of Control Maps for
	Non-stationary Textures},
  journal = {ACM Trans. Graph.},
  year = {2009},
  volume = {28},
  pages = {107:1--107:9},
  number = {5},
  month = dec,
  acmid = {1618453},
  address = {New York, NY, USA},
  articleno = {107},
  doi = {10.1145/1618452.1618453},
  issn = {0730-0301},
  issue_date = {December 2009},
  keywords = {control maps, example-based texture synthesis, non-stationary textures,
	shape synthesis},
  numpages = {9},
  publisher = {ACM},
  url = {http://doi.acm.org/10.1145/1618452.1618453}
}

@INPROCEEDINGS{Simakov2008SV,
  author = {Denis Simakov and Yaron Caspi and Eli Shechtman and Michal Irani},
  title = {Summarizing visual data using bidirectional similarity},
  booktitle = {CVPR},
  year = {2008},
}

@INPROCEEDINGS{SINGHeccv2012,
  author = {Saurabh Singh and Abhinav Gupta and Alexei A. Efros},
  title = {Unsupervised Discovery of Mid-level Discriminative Patches},
  booktitle = {ECCV},
  year = {2012},
	pages = {73-86},
}

@INPROCEEDINGS{Tai2012PF,
  author = {Tai, Chiew-Lan},
  title = {Parsing facade with rank-one approximation},
  booktitle = {CVPR},
  year = {2012},
  pages = {1720--1727}
}

@INPROCEEDINGS{Teboul2011SG,
  author = {Teboul, Olivier and Kokkinos, Iasonas and Simon, Loic and Koutsourakis,
	Panagiotis and Paragios, Nikos},
  title = {Shape grammar parsing via Reinforcement Learning.},
  booktitle = {CVPR},
  year = {2011},
  pages = {2273-2280}
}

@ARTICLE{VIOLAijcv2004,
  author = {Paul Viola and Michael J. Jones},
  title = {Robust Real-time Object Detection},
  journal = {IJCV},
  year = {2004},
  volume = {57},
  pages = {137--154},
  month = {May},
  issue = {2}
}

@MISC{Wei2009STAR,
  author = {Li-Yi Wei and Sylvain Lefebvre and Vivek Kwatra and Greg Turk},
  title = {State of the Art in Example-based Texture Synthesis},
  howpublished = {Eurographics STARs},
  month = {March},
  year = {2009},
  owner = {mwand},
  timestamp = {2014.01.20}
}

@INPROCEEDINGS{Wei2000FT,
  author = {Wei, Li-Yi and Levoy, Marc},
  title = {Fast Texture Synthesis Using Tree-structured Vector Quantization},
  booktitle = {SIGGRAPH},
  year = {2000},
  pages = {479--488},
}

@INPROCEEDINGS{Wojek2008,
  author = {Wojek, C. and Schiele, B.},
  title = {A dynamic conditional random field model for joint labeling of object
	and scene classes},
  booktitle = {ECCV},
  year = {2008},
  owner = {mwand},
  timestamp = {2014.01.20}
}

@INPROCEEDINGS{Wu2010DL,
  author = {Wu, Changchang and Frahm, Jan-Michael and Pollefeys, Marc},
  title = {Detecting Large Repetitive Structures with Salient Boundaries.},
  booktitle = {ECCV},
  year = {2010},
  volume = {6312},
  pages = {142-155}
}

@ARTICLE{ZHANGsig13,
  author = {Hao Zhang and Kai Xu and Wei Jiang and Jinjie Lin and Daniel Cohen-Or
	and Baoquan Chen},
  title = {Layered Analysis of Irregular Facades via Symmetry Maximization},
  journal = {ACM Trans. Graph.},
  year = {2013},
  volume = {32},
  pages = {104:1-104:10},
  number = {4}
}

@INPROCEEDINGS{Zhao2011TS,
  author = {Zhao, Peng and Quan, Long},
  title = {Translation symmetry detection in a fronto-parallel view.},
  booktitle = {CVPR},
  year = {2011},
  pages = {1009-1016},
}

@INPROCEEDINGS{Zhao2012PT,
  author = {Zhao, Peng and Yang, Lei and Zhang, Honghui and Quan, Long},
  title = {Per-pixel translational symmetry detection, optimization, and segmentation.},
  booktitle = {CVPR},
  year = {2012},
	pages = {526-533},
}

@article{Yan2010,
year={2010},
issn={0178-2789},
journal={The Visual Computer},
volume={26},
number={6-8},
doi={10.1007/s00371-010-0470-x},
title={Periodic pattern of texture analysis and synthesis based on texels distribution},
url={http://dx.doi.org/10.1007/s00371-010-0470-x},
publisher={Springer-Verlag},
keywords={Texture analysis; Texture synthesis; Distribution of texels},
author={Gui, Yan and Ma, Lizhuang},
pages={951-964},
language={English}
}

@article{Ma2013DET,
 author = {Ma, Chongyang and Wei, Li-Yi and Lefebvre, Sylvain and Tong, Xin},
 title = {Dynamic Element Textures},
 journal = {ACM Trans. Graph.},
 issue_date = {July 2013},
 volume = {32},
 number = {4},
 month = jul,
 year = {2013},
 issn = {0730-0301},
 pages = {90:1--90:10},
 articleno = {90},
 numpages = {10},
 url = {http://doi.acm.org/10.1145/2461912.2461921},
 doi = {10.1145/2461912.2461921},
 acmid = {2461921},
 publisher = {ACM},
 address = {New York, NY, USA},
 keywords = {analysis, animation, constraints, control, dynamic, element, geometry, optimization, synthesis, texture},
} 

@article{Ma2011DET,
 author = {Ma, Chongyang and Wei, Li-Yi and Tong, Xin},
 title = {Discrete Element Textures},
 journal = {ACM Trans. Graph.},
 issue_date = {July 2011},
 volume = {30},
 number = {4},
 month = jul,
 year = {2011},
 issn = {0730-0301},
 pages = {62:1--62:10},
 articleno = {62},
 numpages = {10},
 url = {http://doi.acm.org/10.1145/2010324.1964957},
 doi = {10.1145/2010324.1964957},
 acmid = {1964957},
 publisher = {ACM},
 address = {New York, NY, USA},
 keywords = {analysis, data driven, discrete element, editing, sampling, synthesis, texture},
} 

@article{Hu2013PPI,
 author = {Hu, Shi-Min and Zhang, Fang-Lue and Wang, Miao and Martin, Ralph R. and Wang, Jue},
 title = {PatchNet: A Patch-based Image Representation for Interactive Library-driven Image Editing},
 journal = {ACM Trans. Graph.},
 issue_date = {November 2013},
 volume = {32},
 number = {6},
 month = nov,
 year = {2013},
 issn = {0730-0301},
 pages = {196:1--196:12},
 articleno = {196},
 numpages = {12},
 url = {http://doi.acm.org/10.1145/2508363.2508381},
 doi = {10.1145/2508363.2508381},
 acmid = {2508381},
 publisher = {ACM},
 address = {New York, NY, USA},
 keywords = {PatchNet, contextual features, image representation, interactive image editing, patch synthesis},
} 

@techreport{Landes2009,
    title = {{Content-Aware Texture Synthesis}},
    author = {Landes, Pierre-Edouard and Soler, Cyril},
    institution = {INRIA},
    number = {RR-6959},
    year = {2009},
    month = Jun,
}

@InProceedings{MartinFTM01,
  author = {D. Martin and C. Fowlkes and D. Tal and J. Malik},
  title = {A Database of Human Segmented Natural Images and its
           Application to Evaluating Segmentation Algorithms and
           Measuring Ecological Statistics},
  booktitle = {Proc. 8th Int'l Conf. Computer Vision},
  year = {2001},
  month = {July},
  volume = {2},
  pages = {416--423}
}

@MISC{Mitra2012,
  author = {Niloy J. Mitra and Mark Pauly and Michael Wand and Duygu Ceylan},
  title = {Symmetry in 3D Geometry: Extraction and Applications},
  howpublished = {EUROGRAPHICS State-of-the-art Report},
  year = {2012},
  note = {(extended version to appear in Computer Graphics Forum, 2013)},
  owner = {mwand},
  timestamp = {2013.01.04}
}
